@article{Behr,
	author = {Behr, Merlyn J. and Wachsmuth, Ipke and Post, Thomas R. and Lesh, Richard},
	title = {Order and Equivalence of Rational Numbers: A Clinical Teaching Experiment},
	journal = {Journal for Research in Mathematics Education},
	volume = {15},
	number = {15},
	pages = {323-341}, 
	year = {1984},
	publisher = {National Council of Teachers of Mathematics},
	address = {Reston, VA, Estados Unidos}
}

@conference{Confrey,
	author = {Confrey, J. and Maloney, A. and Nguyen, K. and Mojica, G. and Myers, M.},
	title = {Equipartitioning/Splitting as A Foundation of Rational Number Reasoning using Learning Trajectories},
	booktitle = {Proceedings of the 33rd Conference of the International Group for the Psychology of Mathematics Education},
	pages = {345-353},
	address = {Tessalônica, Grécia},
	year = {2009}
}

@book{Cramer,
	author = {Cramer, Kathleen and Behr, Merlyn and Post, Thomas and Lesh, Richard},
	title = {Rational Number Project: Initial Fraction Ideas},
	publisher = {University of Minnesota},
	year = {2009},
	address = {Minneapolis, MN, Estados Unidos}
}

@article{Empson,
 	author = {Empson, Susan B.},
 	title = {Equal Sharing and Shared Meaning: The Development of Fraction Concepts in A First-Grade Classroom},
 	journal = {Cognition and Instruction},
 	volume = {17},
 	number = {3},
 	pages = {283-342},
 	year = {1999},
 	publisher = {Taylor \& Francis, Ltd.},
 	address = {Oxfordshire, Inglaterra}
}

@book{Freitag,
	author = {Freitag, Mark A.},
	title = {Mathematics for Elementary School Teachers: A Process Approach},
	year = {2014},
	publisher = {Cengale Learning},
	address = {Boston, MA, Estados Unidos}
}

@mastersthesis{Garcez,
	author = {Wagner Rohr Garcez},
	title = {Tópicos sobre o Ensino de Frações: Equivalência},
	year = {2013},
	school = {Instituto de Matemática Pura e Aplicada},
	address = {Rio de Janeiro, RJ, Brasil}
}

@manual{IES,
	author = {Siegler, R. and Carpenter, T. and Fennell, F. and Geary, D. and Lewis, J. and Okamoto, Y. and Thompson, L. and Wray, J},
	title = {Developing effective fractions instruction for kindergarten through 8th grade: A practice guide},
	organization = {National Center for Education Evaluation and Regional Assistance, Institute of Education Sciences, U.S. Department of Education},
	year = {2010},
	note = {Este relatório oferece um conjunto de diretivas, procedimentos e cuidados no ensino de frações nas séries iniciais que foram compilados a partir de relatos de experiência e estudos científicos}
}

@book{Lewin,
	author = {Lewin, Renaio and López, Alejandro and Martínez, Salomé and Rojas, Daniela and Zanocco, Pierina},
	title = {Números para futuros profesores de educación básica},
	series = {ReFIP Matemática: Recursos para La Formación Inicial de Profesores Educación Básica},
	publisher = {Ediciones SM Chile S.A.},
	address = {Santiago, Chile},
	year = {2013}
}

@book{Litwiller,
	author = {Litwiller, Bonnie H.},
	title = {Making Sense of Fractions, Ratios, and Proportions: 2002 Yearbook},
	publisher = {National Council of Teachers of Mathematics},
	year = {2002},
	address = {Reston, VA, Estados Unidos}
}

@incollection{Misconceptions,
	author = {Pearson},
	title = {Misconceptions and Errors},
	booktitle = {Mathematics Navigator},
	year = {2016},
	publisher = {America's Choice},
	address = {Estados Unidos}
}

@book{McNamara,
	author = {McNamara, Julie and Shaughnessy, Meghan M.},
	title = {Beyond Pizzas and Pies, Grades 3-5, Second Edition: 10 Essential Strategies for Supporting Fraction Sense},
	publisher = {Math Solutions Publications},
	year = {2015},
	address = {Boston, MA, Estados Unidos}
}

@book{MEC,
	author = {Brasil},
	publisher = {Ministério da Educação},
	address = {Brasília, DF, Brasil},
	booktitle = {Programa Gestão da Aprendizagem Escolar GESTAR I},
	volume = {Caderno de Teoria e Prática 6},
	title = {Números Racionais: Conceito e Representação},
	year = {2009},
}

@book{Monteiro,
	author = {Monteiro, Cecília and Pinto, Hélio},
	title = {Desenvolvendo O Sentido de Número Racional},
	publisher = {Associação de Professores de Matemática},
	year = {2009},
	address = {Lisboa, Portugal}
}

@book{Musser,
	author = {Musser, Gary L. and Peterson, Blacke E. and Burger, William F.},
	title = {Mathematics for Elementary Teachers: A Contemporary Approach},
	publisher = {John Wiley \& Sons, Inc.},
	year = {2014},
	address = {Hoboken, Nova Jersey, Estados Unidos}
}

@article{Ni,
	author = {Ni, Yujing},
	title = {How Valid is It To Use Number Lines to Measure Children's Conceptual Knowledge about Rational Number?},
	journal = {Educational Psychology: An International Journal of Experimental Educational Psychology},
	volume = {20},
	number = {2},
	pages = {139-152},
	year = {2000},
 	publisher = {Taylor \& Francis, Ltd.},
 	address = {Oxfordshire, Inglaterra}
}

@conference{Pearn,
	author = {Pearn, Catherine; Stephens, Max.},
	title = {Why You Have To Probe To Discover What Year 8 Students Really Think about Fractions},
	booktitle = {Mathematics education for the third millennium: Towards 2010 (Proceedings of the 27th annual conference of the Mathematics Education Research Group of Australasia, Townsville},
	address = {Sydney, Austrália},
	publisher = {MERGA},
	year = {2004},
	volume = {2},
	pages = {430-437}
}

@mastersthesis{Pereira,
	author = {Pereira, Ana Paula Cabral Couto},
	title = {O Ensino de Frações na Escola Básica: O Currículo Common Core nos EUA, Hung-Hsi Wu e Uma Análise Comparativa em Dois Livros Didáticos do PNLD},
	school = {Universidade Federal Fluminense},
	year = {2015},
	address = {Niterói, RJ, Brasil}
}

@book{Petit,
	author = {Petit, Marjorie M. and Laird, Robert E. and Marsden, Edwin L.},
	title = {A focus On Fractions: Bringing Research To The Classroom. Studies in Mathematical Thinking and Learning},
 	publisher = {Taylor \& Francis, Ltd.},
 	address = {Oxfordshire, Inglaterra},
 	year = {2010}
}

@article{Post,
	author = {Post, Thomas R. and Wachsmuth, Ipke and Lesh, Richard and Behr, Merlyn J.},
	title = {Order and Equivalence of Rational Number: A Cognitive Analysis},
	journal = {Journal for Research in Mathematics Education},
	volume = {16},
	number = {1},
	pages = {18-36},
	year = {1985},
	publisher = {National Council of Teachers of Mathematics},
	address = {Reston, VA, Estados Unidos}
}

@article{Pothier,
	author = {Pothier, Yvone and Sawada, Daiyo},
	title = {Partitioning: The Emergence of Rational Number Ideas in Young Children},
	volume = {14},
	number = {4},
	pages = {307-317},
	year = {1983},
	journal = {Journal for Research in Mathematics Education},
	publisher = {National Council of Teachers of Mathematics},
	address = {Reston, VA, Estados Unidos}
}

@incollection{Schliemann,
	author = {Schliemann, Analúcia and Carraher, David W. and Caddle, Mary C.},
	editor = {Brizuela, Bárbara M. and Gravel, Brian E.},
	title = {From Seeing Points To Seeing Intervals in Number Lines in Graphs},
	booktitle = {"Show Me What You Know": Exploring Student Representations Across STEM Disciplines},
	publisher = {Teachers College Press},
	address = {Nova Iorque, NY, Estados Unidos},
	year = {2013}
}

@book{Small,
	author = {Small, Marian},
	title = {Uncomplicating FRACTIONS To Meet Common Core Standards in Math, K-7},
	year = {2013},
	publisher = {Teachers College Press},
	address = {Nova Iorque, NY, Estados Unidos}
}

@book{Spangler,
	author = {Spangler, David B.},
	title = {Strategies for Teaching Fractions: Using Error Analysis for Intervention and Assessment},
	publisher = {Corwin},
	year = {2011},
	address = {Thousand Oaks, CA, Estados Unidos}
}


@book{Tierney,
	author = {Tierney, Cornelia},
	title = {Fractions: Fair Shares. Investigations in Number, Data, and Space},
	publisher = {Dale Seymour Publications}, 
	year = {1998},
	address = {s.l.}
}

@book{Tierney2,
	author = {Tierney, Cornelia and Berle-Carman, Mary},
	title = {Different Shapes, Equal Pieces: Fractions and Area. Investigations in Number, Data, and Space},
	publisher = {Scott Foresman},
	year = 2004,
	address = {Northbrook, IL, Estados Unidos}
}

@article{Thomaidis,
	author = {Thomaidis, Yannis and Tzanakis, Constantinos},
	title = {The Notion of Historical “parallelism” Revisited: Historical Evolution and Students' Conception of The Order Relation On The Number Line},
	journal = {Educational Studies in Mathematics},
	volume = {66},
	pages = {165-183},
	year = {2007},
	publisher = {Springer},
	address = {Nova Iorque, NY, Estados Unidos}
}

@article{Vamvakoussi,
	author = {Vamvakoussi, Xenia and Vosniadou, Stella},
	title = {Bridging the Gap Between the Dense and the Discrete: The Number Line and the “Rubber Line” Bridging Analogy},
	journal = {Mathematical Thinking and Learning},
	volume = {14},
	number = {4},
	pages = {265-284},
	year = {2012},
	publisher = {Taylor \& Francis, Ltd.},
 	address = {Oxfordshire, Inglaterra},
 	note = {DOI: \url{10.1080/10986065.2012.717378}. - Este artigo faz um resumo histórico de como a noção de densidade surgiu.}
}

@article{Vance,
	author = {Vance, James H.},
	title = {Understanding Equivalence: A Number by Any Other Name},
	journal = {School Science and Mathematics},
	volume = {92},
	number = {5},
	pages = {263-266},
	year = {1992},
	publisher = {John Wiley \& Sons, Inc.},
	address = {Hoboken, Nova Jersey, Estados Unidos}
}

@book{Walle,
	author = {John A. Van de Walle},
	title = {Matemática no Ensino Fundamental},
	series = {Formação de Professores e Aplicação em Sala de Aula},
	edition = {6},
	publisher = {Artmed},
	year = {2009},
	address = {São Paulo, SP, Brasil}
}

@phdthesis{Ventura,
	author = {Hélia Margarida Gaspar Lopes Ventura},
	title = {A Aprendizagem de Números Racionais através das Conexões entre As Suas Representações: Uma Experiência de Ensino no 2.o Ciclo do Ensino Básico},
	school = {Universidade de Lisboa},
	year = {2013},
	address = {Lisboa, Portugal}	
}

@book{Wu,
	author = {Wu, Hung-Hsi},
	title = {Understanding Numbers in Elementary School Mathematics},
	publisher = {American Mathematical Society},
	year = {2011},
	address = {Providence, RI, Estados Unidos}
}